<?xml version="1.0" encoding="UTF-8"?><collection xmlns="http://www.loc.gov/MARC21/slim"><record><leader>00326nam--2200133-i-4500</leader><controlfield tag="001">000033724</controlfield><controlfield tag="002">20161230</controlfield><controlfield tag="005">20161230201039</controlfield><controlfield tag="008">060222s1000------------r-----000-0-eng-d</controlfield><datafield ind1=" " ind2=" " tag="080"><subfield code="a">624.69</subfield></datafield><datafield ind1=" " ind2=" " tag="100"><subfield code="a">Negru, R</subfield></datafield><datafield ind1=" " ind2=" " tag="245"><subfield code="a">Tehnologia lucrarilor de constructii</subfield></datafield><datafield ind1=" " ind2=" " tag="260"><subfield code="a">Bucuresti, Ed.Tehnica, 1959. *))P.+fig</subfield></datafield><datafield ind1=" " ind2=" " tag="852"><subfield code="a">6116</subfield></datafield></record></collection>